@online{paralelismo,
  author = {Autor Desconocido},
  title = {Paralelismo en las instrucciones},
  year = {sin fecha},
  url = {https://orgacomp.github.io/9557/teoria/procesador/paralelismo/},
  note = {Disponible}
}

@book{Virtualizacion,
  author = {Randal E. Bryant y David R. O'Hallaron},
  title = {Computer Systems: A Programmer’s Perspective},
  edition = {3ª},
  year = {2015},
  publisher = {Pearson},
}

@online{syscall,
  author = {Autor Desconocido},
  title = {Linux system calls},
  year = {2019},
  url = {http://man7.org/linux/man-pages/man2/syscalls.2.html},
  note = {Disponible}
}

@online{Aleatorización,
  author = {Autor Desconocido},
  title = {Aleatorización del diseño del espacio de direcciones del núcleo},
  year = {sin fecha},
  url = {https://bit.ly/aleatorizacion-kaslr},
  note = {Disponible}
}

@online{PTI,
  author = {Autor Desconocido},
  title = {Page Table Isolation, The Linux Kernel},
  year = {sin fecha},
  url = {https://bit.ly/PageTableIso},
  note = {Disponible}
}

@article{Rendimiento-Parches,
  author = {Song Wei, Kun Zhang, Bibo Tu},
  title = {Performance Impact of Host Kernel Page Table Isolation on Virtualized Servers},
  year = {2021},
  journal = {IEEE},
  url = {https://ieeexplore.ieee.org/document/9421326},
  note = {Disponible}
}

@book{SideChannelAttack,
  author = {Paul Kocher, Joshua Jaffe, Benjamin Jun},
  title = {Introduction to Side-Channel Attacks},
  year = {sin fecha},
}

@book{SideChannelTipos,
  author = {Stefan Mangard, Elisabeth Oswald, Thomas Popp},
  title = {Power Analysis Attacks: Revealing the Secrets of Smart Cards},
  year = {2007},
}

@online{KASLR,
  author = {Autor Desconocido},
  title = {KASLR in the age of MicroVMs},
  year = {2022},
  url = {https://www.cc0x1f.net/publications/kaslr.pdf},
  note = {Disponible}
}

@online{PCID,
  author = {Autor Desconocido},
  title = {Process Context IDentifiers},
  year = {sin fecha},
  url = {https://www.kernel.org/doc/Documentation/x86/pti.txt},
  note = {Disponible},
  url = {https://bit.ly/pciddoc}
}

@inproceedings{meltdown,
  author = {Lipp, M., Schwarz, M., Gruss, D., Prescher, T., Haas, W., Fogh, A., Horn, J., Mangard, S., Kocher, P., Genkin, D., Yarom, Y., Hamburg, M.},
  title = {Meltdown: Reading Kernel Memory from User Space},
  booktitle = {27th USENIX Security Symposium (USENIX Security 18)},
  year = {2018},
}
